@article{coupette:2022:rechtsstrukturvergleichung,
	title={Rechtsstrukturvergleichung},
	author={Coupette, Corinna and Hartung, Dirk},
	year={2022},
	journal={Working Paper of the Max Planck Institute for Tax Law and Public Finance},
	url={https://ssrn.com/abstract=4107445}
}
@book{book:example,
	title={Book Title in Long Form},
	shorttitle={Short Title},
	author={Lastname1, Firstname1 and Lastname2, Firstname2},
	year={2000},
	edition={2},
	pagetotal={150},
	publisher={Publisher}
}
@article{article:example,
	title={Long Title of the Article},
	shorttitle={Short Article Title},
	author={Author1Last, Author1First and Author2Last, Author2First},
	journal={Name of the Journal},
	year={2010},
	volume={10},
	number={2},
	pages={1--50},
	publisher={Publisher}
}
@incollection{incollection:example, 
	author={Lastname, Firstname}, 
	title={Long Title of the Collection Contribution}, 
	shorttitle={Short Coll Contrib Title},
	booktitle={The Title of the Collection}, 
	publisher={Publisher}, 
	editor={Editor1Last, Editor1First and Editor2Last, Editor2First}, 
	edition={2},
	year={2020}, 
	pages={1--50}
}
@inproceedings{inproceedings:example,
	title={Long Title of the Proceedings Contribution},
	shorttitle={Short Proc Contrib Title},
	author={SomeAuthorLast, SomeAuthorFirst},
	booktitle={Title of the Proceedings},
	pages={1--50},
	year={2015}
}
@misc{misc:example,
	title={Title of Misc Publication},
	author={Lastname, Firstname},
	year={2005},
	howpublished={Publication Venue},
	doi={org/identifier/reference}
}	